<?xml version="1.0" encoding="utf-8"?>
<record xmlns="http://www.loc.gov/MARC21/slim" xmlns:xsi="http://www.w3.org/2001/XMLSchema-instance" xsi:schemaLocation="http://www.loc.gov/MARC21/slim http://www.loc.gov/standards/marcxml/schema/MARC21slim.xsd">
	<leader>     nam a22     Mi 4500</leader>
	<controlfield tag="001">b12936996</controlfield>
	<controlfield tag="003">UaCaAUL</controlfield>
	<controlfield tag="006">m        d        </controlfield>
	<controlfield tag="007">cr cn |||m|||a</controlfield>
	<controlfield tag="008">190308s1955    ua      o     000 0 ara  </controlfield>
	<datafield ind1=" " ind2=" " tag="040">
		<subfield code="a">ZYU</subfield>
		<subfield code="b">ara</subfield>
		<subfield code="e">rda</subfield>
		<subfield code="c">ZYU</subfield>
	</datafield>
	<datafield ind1=" " ind2=" " tag="043">
		<subfield code="a">ff-----</subfield>
	</datafield>
	<datafield ind1=" " ind2="4" tag="050">
		<subfield code="a">DT204</subfield>
		<subfield code="b">.F33 1955</subfield>
	</datafield>
	<datafield ind1="1" ind2=" " tag="100">
		<subfield code="6">880-01</subfield>
		<subfield code="a">Fāsī, ʻAllāl,</subfield>
		<subfield code="d">1910-1974.</subfield>
	</datafield>
	<datafield ind1="1" ind2="0" tag="245">
		<subfield code="6">880-02</subfield>
		<subfield code="a">Muḥāḍarāt fī al-Maghrib al-ʻArabī mundhu al-Ḥarb al-ʻĀlamīyah al-Ūlá /</subfield>
		<subfield code="c">alqāhā al-ustādh ʻAllāl al-Fāsī ʻalá ṭalabat qism al-dirāsāt al-tārīkhīyah wa-al-jughrāfīyah, 1955.</subfield>
	</datafield>
	<datafield ind1="3" ind2="0" tag="246">
		<subfield code="6">880-03</subfield>
		<subfield code="a">Maghrib al-ʻArabī mundhu al-Ḥarb al-ʻĀlamīyah al-Ūlá</subfield>
	</datafield>
	<datafield ind1=" " ind2="1" tag="264">
		<subfield code="6">880-04</subfield>
		<subfield code="a">[Cairo] :</subfield>
		<subfield code="b">Jāmiʻat al-Duwal al-ʻArabīyah, Maʻhad al-Dirāsāt al-ʻArabīyah al-ʻĀlīyah,</subfield>
		<subfield code="c">1955.</subfield>
	</datafield>
	<datafield ind1=" " ind2="3" tag="264">
		<subfield code="6">880-05</subfield>
		<subfield code="a">[Cairo] :</subfield>
		<subfield code="b">Maṭbaʻat Nahḍat Miṣr.</subfield>
	</datafield>
	<datafield ind1=" " ind2=" " tag="300">
		<subfield code="a">online resource (197 pages)</subfield>
	</datafield>
	<datafield ind1=" " ind2=" " tag="336">
		<subfield code="a">text</subfield>
		<subfield code="2">rdacontent</subfield>
	</datafield>
	<datafield ind1=" " ind2=" " tag="337">
		<subfield code="a">computer</subfield>
		<subfield code="2">rdamedia</subfield>
	</datafield>
	<datafield ind1=" " ind2=" " tag="338">
		<subfield code="a">online resource</subfield>
		<subfield code="2">rdacarrier</subfield>
	</datafield>
	<datafield ind1=" " ind2=" " tag="500">
		<subfield code="a">Part of the Arabic Collections Online (ACO) project, contributed by American University in Cairo Library.</subfield>
	</datafield>
	<datafield ind1=" " ind2=" " tag="533">
		<subfield code="a">Electronic reproduction.</subfield>
		<subfield code="b">New York, N.Y. :</subfield>
		<subfield code="c">New York University,</subfield>
		<subfield code="d">2019.</subfield>
		<subfield code="5">NNU</subfield>
	</datafield>
	<datafield ind1=" " ind2="0" tag="651">
		<subfield code="a">Africa, North</subfield>
		<subfield code="x">Politics and government.</subfield>
	</datafield>
	<datafield ind1=" " ind2="0" tag="651">
		<subfield code="a">Africa, North</subfield>
		<subfield code="x">History.</subfield>
	</datafield>
	<datafield ind1=" " ind2="7" tag="650">
		<subfield code="a">Politics and government</subfield>
		<subfield code="2">fast</subfield>
		<subfield code="0">(OCoLC)fst01919741</subfield>
	</datafield>
	<datafield ind1=" " ind2="7" tag="651">
		<subfield code="a">Africa, North.</subfield>
		<subfield code="2">fast</subfield>
		<subfield code="0">(OCoLC)fst01239515</subfield>
	</datafield>
	<datafield ind1=" " ind2="7" tag="655">
		<subfield code="a">History.</subfield>
		<subfield code="2">fast</subfield>
		<subfield code="0">(OCoLC)fst01411628</subfield>
	</datafield>
	<datafield ind1="2" ind2=" " tag="710">
		<subfield code="a">American University in Cairo.</subfield>
		<subfield code="b">Library.</subfield>
	</datafield>
	<datafield ind1="0" ind2=" " tag="730">
		<subfield code="a">Arabic Collections Online.</subfield>
	</datafield>
	<datafield ind1="0" ind2="8" tag="776">
		<subfield code="i">Print version:</subfield>
		<subfield code="a">Fāsī, ʻAllāl, 1910-1974.</subfield>
		<subfield code="t">Muḥāḍarāt fī al-Maghrib al-ʻArabī mundhu al-Ḥarb al-ʻĀlamīyah al-Ūlá</subfield>
		<subfield code="w">(UaCaAUL)b12936996</subfield>
		<subfield code="w">(DLC)   62164500 </subfield>
		<subfield code="w">(OCoLC)43408219</subfield>
	</datafield>
	<datafield ind1="4" ind2="0" tag="856">
		<subfield code="u">http://hdl.handle.net/2333.1/kh189b4d</subfield>
	</datafield>
	<datafield ind1="1" ind2=" " tag="880">
		<subfield code="6">100-01</subfield>
		<subfield code="a">فاسي، علال،</subfield>
		<subfield code="d">1910-1974.</subfield>
	</datafield>
	<datafield ind1="1" ind2="0" tag="880">
		<subfield code="6">245-02</subfield>
		<subfield code="a">محاضرات في المغرب العربي منذ الحرب العالمية الأولى /</subfield>
		<subfield code="c">ألقاها الأستاذ علال الفاسي على طلبة قسم الدراسات التاريخية والجغرافية، 1955.</subfield>
	</datafield>
	<datafield ind1="3" ind2="0" tag="880">
		<subfield code="6">246-03</subfield>
		<subfield code="a">مغرب العربي منذ الحرب العالمية الأولى</subfield>
	</datafield>
	<datafield ind1=" " ind2="1" tag="880">
		<subfield code="6">264-04</subfield>
		<subfield code="a">[Cairo] :</subfield>
		<subfield code="b">جامعة الدول العربية، معهد الدراسات العربية العالية،</subfield>
		<subfield code="c">1955.</subfield>
	</datafield>
	<datafield ind1=" " ind2="3" tag="880">
		<subfield code="6">264-05</subfield>
		<subfield code="a">[Cairo] :</subfield>
		<subfield code="b">مطبعة نهضة مصر.</subfield>
	</datafield>
	<datafield ind1=" " ind2=" " tag="959">
		<subfield code="a">NNU</subfield>
		<subfield code="b">WEB</subfield>
		<subfield code="c">GENI</subfield>
		<subfield code="t">0</subfield>
		<subfield code="m">Electronic access</subfield>
		<subfield code="s">01</subfield>
	</datafield>
	<datafield ind1=" " ind2=" " tag="999">
		<subfield code="i">UaCaAUL_b12936996</subfield>
		<subfield code="o">(OCoLC)ocm43408219</subfield>
		<subfield code="s">auc_aco000426</subfield>
		<subfield code="s">auc_aco000426</subfield>
	</datafield>
</record>
